@article{NSGA-II,
% author = {K. Deb et al.},
 author = {K. Deb},
 title = {A Fast Elitist Multi-Objective Genetic Algorithm: NSGA-II},
 journal = {Transactions on Evolutionary Computation},
 volume = {6},
 year = {2000},
 pages = {182--197},
}

@article{PESA,
% author = {Corne D. W. Knowles J. D. Oates M. J.},
 author = {D. Corne},
 title = {The Pareto Envelope-based Selection Algorithm for Multiobjective Optimization},
 journal = {Parallel Problem Solving from Nature Parallel Problem Solving from Nature VI},
 year = {2000},
 pages = {839–-848},
 publisher = {Springer}
}

@article{PESA-II,
% author = {Corne D. W. [et al.]},
 author = {D. Corne},
 title = {PESA-II: Region-based Selection in Evolutionary Multiobjective Optimization},
 journal = {Proceedings of Genetic and Evolutionary Com- putation Conference},
 year = {2001},
 pages = {283–-290},
 publisher = {Morgan Kaufmann Publishers}
}

@article{SPEA2,
% author = {Zitzler E., Laumanns M., Thiele L},
 author = {E. Zitzler},
 title = {SPEA2: Improving the Strength Pareto Evolutionary Algorithm for Multiobjective Optimization},
 journal = {Proceedings of the EUROGEN’2001 Conference},
 year = {2001},
 pages = {91–-100}
}

@article{PAES,
% author = {Knowles J. D., Corne D. W.},
 author = {J. Knowles},
 title = {Approximating the Nondominated Front Using the Pareto Archived Evolution Strategy},
 journal = {Evolutionary Computation},
 year = {2000},
 volume = {8 no. 2},
 pages = {149–-172}
}

@article{PDE,
 %author = {Abbass H. A., Sarker R., Newton C.},
 author = {H. Abbass},
 title = {PDE: A Pareto Frontier Differential Evolution Approach for Multiobjective Optimization Problems},
 journal = {Proceed- ings of the Congress on Evolutionary Computation},
 publisher = {IEEE Press},
 year = {2001},
 pages = {971–978}
}

@article{Kung,
 author = {Kung H. T., Luccio F., Preparata F. P.},
 author = {H. Kung},
 title = {On Finding the Maxima of a Set of Vectors},
 journal = {Journal of ACM},
 publisher = {},
 year = {1975},
 volume = {22 no. 4},
 pages = {469–476}
}


@article{Jensen,
 author = {M. Jensen},
 title = {Reducing the Run-time Complexity of Multiobjective EAs: The NSGA-II and Other Algorithms},
 journal = {Transactions on Evolutionary Computation},
 year = {2003},
 volume = {7 no. 5},
 pages = {503–515}
}

@article{Forton,
 author = {Fortin F.-A., Grenier S., Parizeau M.},
 author = {F. Fortin},
 title = {Generalizing the Improved Run-time Complexity Algorithm for Non-dominated Sorting},
 journal = {Proceeding of Genetic and Evolutionary Computation Conference},
 publisher = {ACM},
 year = {2013},
 pages = {615–622}
}

@article{Buzdalov,
 author = {Buzdalov M., Shalyto A.},
 author = {M. Buzdalov},
 title = {A Provably Asymptotically Fast Version of the Gen- eralized Jensen Algorithm for Non-Dominated Sorting},
 journal = {International Con- ference on Parallel Problem Solving from Nature},
 year = {2014},
 pages = {528–537}
}

@article{BOS,
 title = {Best Order Sort: A New Algorithm to Non-dominated Sorting for Evolutionary Multi-objective Optimization},
 publisher = {URL: http://www.egr.msu.edu/~kdeb/papers/c2016009.pdf},
 year = {2016}
}
